@article{RN1,
  title={?????????},
  author={??? and ?? and ???},
  journal={???????},
  number={2},
  pages={1-6},
  year={2000},
 keywords={??;?????;????;?????},
 abstract={????????????? ,?????????????????????? ,??????????????},
}