%% This BibTeX bibliography file was created using BibDesk.
%% http://bibdesk.sourceforge.net/

@article{RN4,
  Author = {Gray, Jeremy R},
  Journal = {Personality and Social Psychology Bulletin},
  Number = {1},
  Pages = {65--75},
  Title = {A bias toward short-term thinking in threat-related negative emotional states},
  Volume = {25},
  Year = {1999}}

@book{RN1,
  Address = {New York},
  Author = {Rachlin, Howard and Laibson, David I},
  Publisher = {Harvard University Press},
  Title = {The matching law: Papers in psychology and economics by {Richard J. Herrnstein}},
  Year = {2000}}

@article{RN2,
  Author = {Bogacz, Rafal and McClure, Samuel M and Li, Jian and Cohen, Jonathan D and Montague, P Read},
  Journal = {Brain research},
  Pages = {111--121},
  Title = {Short-term memory traces for action bias in human reinforcement learning},
  Volume = {1153},
  Year = {2007}}

@article{RN21,
  Author = {Brunsson, Nils},
  Journal = {Journal of Management Studies},
  Number = {1},
  Pages = {29--44},
  Title = {The irrationality of action and action rationality: Decisions, ideologies and organizational actions},
  Volume = {19},
  Year = {1982}}

@article{RN17,
  Author = {Cheng, ZhenBo and Zhang, Yu and Deng, ZhiDong},
  Journal = {Science China Information Sciences},
  Number = {7},
  Pages = {1430--1443},
  Title = {A stochastic policy search model for matching behavior},
  Volume = {54},
  Year = {2011}}

@article{RN9,
  Author = {Daw, Nathaniel D and Niv, Yael and Dayan, Peter},
  Journal = {Nature Neuroscience},
  Number = {12},
  Pages = {1704},
  Title = {Uncertainty-based competition between prefrontal and dorsolateral striatal systems for behavioral control},
  Volume = {8},
  Year = {2005}}

@article{RN12,
  Author = {Gureckis, Todd M and Love, Bradley C},
  Journal = {Cognition},
  Number = {3},
  Pages = {293--313},
  Title = {Short-term gains, long-term pains: How cues about state aid learning in dynamic environments},
  Volume = {113},
  Year = {2009}}

@book{RN22,
  Author = {Hastie, Reid and Dawes, Robyn M},
    Publisher = {Sage},
  Title = {Rational choice in an uncertain world: The psychology of judgment and decision making},
  Year = {2010}}

@article{RN26,
  Author = {Herrnstein, Richard J},
  Journal = {Journal of the Experimental Analysis of Behavior},
  Number = {3},
  Pages = {267--272},
  Title = {Relative and absolute strength of response as a function of frequency of reinforcement},
  Volume = {4},
  Year = {1961}}

@article{RN27,
  Author = {Herrnstein, Richard J},
  Journal = {Psychological Review},
  Number = {5},
  Pages = {486},
  Title = {Derivatives of matching},
  Volume = {86},
  Year = {1979}}

@article{RN3,
  Author = {Herrnstein, Richard J},
  Journal = {The American Economic Review},
  Number = {2},
  Pages = {360--364},
  Title = {Experiments on stable suboptimality in individual behavior},
  Volume = {81},
  Year = {1991}}

@article{RN13,
  Author = {Herrnstein, Richard J and Loewenstein, George F and Prelec, Drazen and Vaughan, William},
  Journal = {Journal of Behavioral Decision Making},
  Number = {3},
  Pages = {149--185},
  Title = {Utility maximization and melioration: Internalities in individual choice},
  Volume = {6},
  Year = {1993}}

@article{RN6,
  Author = {Herrnstein, Richard J and Prelec, Drazen},
  Journal = {The Journal of Economic Perspectives},
  Number = {3},
  Pages = {137--156},
  Title = {Melioration: A theory of distributed choice},
  Volume = {5},
  Year = {1991}}

@article{RN23,
  Author = {Iigaya, Kiyohito and Fusi, Stefano},
  Journal = {Neural Computation},
  Number = {12},
  Pages = {3093--3112},
  Title = {Dynamical regimes in neural network models of matching behavior},
  Volume = {25},
  Year = {2013}}

@article{RN11,
  Author = {Li, Jian and McClure, Samuel M and King-Casas, Brooks and Montague, P Read},
  Journal = {PLoS One},
  Number = {1},
  Pages = {e103},
  Title = {Policy adjustment in a dynamic economic game},
  Volume = {1},
  Year = {2006}}

@article{RN24,
  Author = {Loewenstein, Yonatan and Seung, H Sebastian},
  Journal = {Proceedings of the National Academy of Sciences},
  Number = {41},
  Pages = {15224--15229},
  Title = {Operant matching is a generic outcome of synaptic plasticity based on the covariance between reward and neural activity},
  Volume = {103},
  Year = {2006}}

@article{RN10,
  Author = {Montague, P Read and Berns, Gregory S},
  Journal = {Neuron},
  Number = {2},
  Pages = {265--284},
  Title = {Neural economics and the biological substrates of valuation},
  Volume = {36},
  Year = {2002}}

@conference{RN16,
  Address = {Vancouver},
  Author = {Neth, Hansj{\"o}rg and Sims, Chris R and Gray, Wayne D},
  Booktitle = {CogSci / ICCS},
  Pages = {627--632},
  Title = {Melioration dominates maximization: Stable suboptimal performance despite global feedback},
  Year = {2006}}

@article{RN5,
  Author = {Otto, A Ross and Markman, Arthur B and Love, Bradley C},
  Journal = {Social Psychological and Personality Science},
  Number = {2},
  Pages = {131--138},
  Title = {Taking more, now: The optimality of impulsive choice hinges on environment structure},
  Volume = {3},
  Year = {2012}}

@article{RN14,
  Author = {Sakai, Yutaka and Fukai, Tomoki},
  Journal = {PLoS One},
  Number = {11},
  Pages = {e3795},
  Title = {When does reward maximization lead to matching law?},
  Volume = {3},
  Year = {2008}}

@book{RN15,
  Address = {Cambridge},
  Author = {Simon, Herbert Alexander},
  Publisher = {MIT Press},
  Title = {Models of bounded rationality: Empirically grounded economic reason},
  Volume = {3},
  Year = {1982}}

@article{RN8,
  Author = {Sims, Chris R and Neth, Hansj{\"o}rg and Jacobs, Robert A and Gray, Wayne D},
  Journal = {Psychological Review},
  Number = {1},
  Pages = {139},
  Title = {Melioration as rational choice: Sequential decision making in uncertain environments},
  Volume = {120},
  Year = {2013}}

@article{RN25,
  Author = {Soltani, Alireza and Wang, Xiao-Jing},
  Journal = {Journal of Neuroscience},
  Number = {14},
  Pages = {3731--3744},
  Title = {A biophysically based neural model of matching law behavior: melioration by stochastic synapses},
  Volume = {26},
  Year = {2006}}

@article{RN28,
  Author = {Stillwell, David J and Tunney, Richard J},
  Journal = {The Quarterly Journal of Experimental Psychology},
  Number = {11},
  Pages = {2252--2261},
  Title = {Melioration behaviour in the Harvard game is reduced by simplifying decision outcomes},
  Volume = {62},
  Year = {2009}}

@article{RN20,
  Author = {Tunney, Richard J and Shanks, David R},
  Journal = {Journal of Behavioral Decision Making},
  Number = {4},
  Pages = {291--311},
  Title = {A re‚Äêexamination of melioration and rational choice},
  Volume = {15},
  Year = {2002}}

@article{RN7,
  Author = {Vaughan, William},
  Journal = {Journal of the Experimental Analysis of Behavior},
  Number = {2},
  Pages = {141--149},
  Title = {Melioration, matching, and maximization},
  Volume = {36},
  Year = {1981}}


